@String(PAMI = {IEEE Trans. Pattern Anal. Mach. Intell.})
@String(IJCV = {Int. J. Comput. Vis.})
@String(CVPR= {IEEE Conf. Comput. Vis. Pattern Recog.})
@String(ICCV= {Int. Conf. Comput. Vis.})
@String(ECCV= {Eur. Conf. Comput. Vis.})
@String(NIPS= {Adv. Neural Inform. Process. Syst.})
@String(ICPR = {Int. Conf. Pattern Recog.})
@String(BMVC= {Brit. Mach. Vis. Conf.})
@String(TOG= {ACM Trans. Graph.})
@String(TIP  = {IEEE Trans. Image Process.})
@String(TVCG  = {IEEE Trans. Vis. Comput. Graph.})
@String(TMM  = {IEEE Trans. Multimedia})
@String(ACMMM= {ACM Int. Conf. Multimedia})
@String(ICME = {Int. Conf. Multimedia and Expo})
@String(ICASSP=	{ICASSP})
@String(ICIP = {IEEE Int. Conf. Image Process.})
@String(ACCV  = {ACCV})
@String(ICLR = {Int. Conf. Learn. Represent.})
@String(IJCAI = {IJCAI})
@String(PR   = {Pattern Recognition})
@String(AAAI = {AAAI})
@String(CVPRW= {IEEE Conf. Comput. Vis. Pattern Recog. Worksh.})
@String(CSVT = {IEEE Trans. Circuit Syst. Video Technol.})

@String(SPL	= {IEEE Sign. Process. Letters})
@String(VR   = {Vis. Res.})
@String(JOV	 = {J. Vis.})
@String(TVC  = {The Vis. Comput.})
@String(JCST  = {J. Comput. Sci. Tech.})
@String(CGF  = {Comput. Graph. Forum})
@String(CVM = {Computational Visual Media})


@String(PAMI  = {IEEE TPAMI})
@String(IJCV  = {IJCV})
@String(CVPR  = {CVPR})
@String(ICCV  = {ICCV})
@String(ECCV  = {ECCV})
@String(NIPS  = {NeurIPS})
@String(ICPR  = {ICPR})
@String(BMVC  =	{BMVC})
@String(TOG   = {ACM TOG})
@String(TIP   = {IEEE TIP})
@String(TVCG  = {IEEE TVCG})
@String(TCSVT = {IEEE TCSVT})
@String(TMM   =	{IEEE TMM})
@String(ACMMM = {ACM MM})
@String(ICME  =	{ICME})
@String(ICASSP=	{ICASSP})
@String(ICIP  = {ICIP})
@String(ACCV  = {ACCV})
@String(ICLR  = {ICLR})
@String(IJCAI = {IJCAI})
@String(PR = {PR})
@String(AAAI = {AAAI})
@String(CVPRW= {CVPRW})
@String(CSVT = {IEEE TCSVT})


@misc{Nist,
author = {P. Jonathan Philips and Catrina A. Hahn and Peter C. Fontana and David A. Broniatowski and Mark A. Przybocki},
title = {Four Principles of Explainable Artificial Intelligence},
note = {National Institute of Standards and Technology, U.S. Department of Commerce},
year = 2020
}

@inproceedings{BASEBALL,
author = {Green, Bert F. and Wolf, Alice K. and Chomsky, Carol and Laughery, Kenneth},
title = {Baseball: An Automatic Question-Answerer},
year = {1961},
isbn = {9781450378727},
publisher = {Association for Computing Machinery},
address = {New York, NY, USA},
url = {https://doi.org/10.1145/1460690.1460714},
doi = {10.1145/1460690.1460714},
abstract = {<u>Baseball</u> is a computer program that answers questions phrased in ordinary English about stored data. The program reads the question from punched cards. After the words and idioms are looked up in a dictionary, the phrase structure and other syntactic facts are determined for a content analysis, which lists attribute-value pairs specifying the information given and the information requested. The requested information is then extracted from the data matching the specifications, and any necessary processing is done. Finally, the answer is printed. The program's present context is baseball games; it answers such questions as "Where did each team play on July 7?"},
booktitle = {Papers Presented at the May 9-11, 1961, Western Joint IRE-AIEE-ACM Computer Conference},
pages = {219â€“224},
numpages = {6},
location = {Los Angeles, California},
series = {IRE-AIEE-ACM '61 (Western)}
}

@inbook{SHRDLU,
author = {Ward, Nigel},
year = {2006},
month = {01},
title = {SHRDLU},
isbn = {9780470018866},
doi = {10.1002/0470018860.s00056}
}

@article{LSTM,
  title={Long short-term memory},
  author={Hochreiter, Sepp and Schmidhuber, J{\"u}rgen},
  journal={Neural computation},
  volume={9},
  number={8},
  pages={1735--1780},
  year={1997},
  publisher={MIT Press}
}

@article{BiDAF,
  author    = {Min Joon Seo and
               Aniruddha Kembhavi and
               Ali Farhadi and
               Hannaneh Hajishirzi},
  title     = {Bidirectional Attention Flow for Machine Comprehension},
  journal   = {CoRR},
  volume    = {abs/1611.01603},
  year      = {2016},
  url       = {http://arxiv.org/abs/1611.01603},
  eprinttype = {arXiv},
  eprint    = {1611.01603},
  timestamp = {Mon, 13 Aug 2018 16:46:34 +0200},
  biburl    = {https://dblp.org/rec/journals/corr/SeoKFH16.bib},
  bibsource = {dblp computer science bibliography, https://dblp.org}
}

@article{Transformer,
  author    = {Ashish Vaswani and
               Noam Shazeer and
               Niki Parmar and
               Jakob Uszkoreit and
               Llion Jones and
               Aidan N. Gomez and
               Lukasz Kaiser and
               Illia Polosukhin},
  title     = {Attention Is All You Need},
  journal   = {CoRR},
  volume    = {abs/1706.03762},
  year      = {2017},
  url       = {http://arxiv.org/abs/1706.03762},
  eprinttype = {arXiv},
  eprint    = {1706.03762},
  timestamp = {Sat, 23 Jan 2021 01:20:40 +0100},
  biburl    = {https://dblp.org/rec/journals/corr/VaswaniSPUJGKP17.bib},
  bibsource = {dblp computer science bibliography, https://dblp.org}
}

@article{BERT,
  title={BERT: Pre-training of Deep Bidirectional Transformers for Language Understanding},
  author={Jacob Devlin and Ming-Wei Chang and Kenton Lee and Kristina Toutanova},
  journal={ArXiv},
  year={2019},
  volume={abs/1810.04805}
}

@article{RoBERTa,
  author    = {Yinhan Liu and
               Myle Ott and
               Naman Goyal and
               Jingfei Du and
               Mandar Joshi and
               Danqi Chen and
               Omer Levy and
               Mike Lewis and
               Luke Zettlemoyer and
               Veselin Stoyanov},
  title     = {RoBERTa: {A} Robustly Optimized {BERT} Pretraining Approach},
  journal   = {CoRR},
  volume    = {abs/1907.11692},
  year      = {2019},
  url       = {http://arxiv.org/abs/1907.11692},
  eprinttype = {arXiv},
  eprint    = {1907.11692},
  timestamp = {Thu, 01 Aug 2019 08:59:33 +0200},
  biburl    = {https://dblp.org/rec/journals/corr/abs-1907-11692.bib},
  bibsource = {dblp computer science bibliography, https://dblp.org}
}

@article{symbolic_deep_learning,
  author    = {Zeming Chen and
               Qiyue Gao and
               Lawrence S. Moss},
  title     = {NeuralLog: Natural Language Inference with Joint Neural and Logical
               Reasoning},
  journal   = {CoRR},
  volume    = {abs/2105.14167},
  year      = {2021},
  url       = {https://arxiv.org/abs/2105.14167},
  eprinttype = {arXiv},
  eprint    = {2105.14167},
  timestamp = {Wed, 02 Jun 2021 11:46:42 +0200},
  biburl    = {https://dblp.org/rec/journals/corr/abs-2105-14167.bib},
  bibsource = {dblp computer science bibliography, https://dblp.org}
}

@inproceedings{lime,
  title={" Why should i trust you?" Explaining the predictions of any classifier},
  author={Ribeiro, Marco Tulio and Singh, Sameer and Guestrin, Carlos},
  booktitle={Proceedings of the 22nd ACM SIGKDD international conference on knowledge discovery and data mining},
  pages={1135--1144},
  year={2016}
}

@article{counterfactual,
  title={Counterfactual explanations without opening the black box: Automated decisions and the GDPR},
  author={Wachter, Sandra and Mittelstadt, Brent and Russell, Chris},
  journal={Harv. JL \& Tech.},
  volume={31},
  pages={841},
  year={2017},
  publisher={HeinOnline}
}

@misc{Saliency,
      title={Deep Inside Convolutional Networks: Visualising Image Classification Models and Saliency Maps}, 
      author={Karen Simonyan and Andrea Vedaldi and Andrew Zisserman},
      year={2014},
      eprint={1312.6034},
      archivePrefix={arXiv},
      primaryClass={cs.CV}
}

@inproceedings{IG,
  title={Axiomatic attribution for deep networks},
  author={Sundararajan, Mukund and Taly, Ankur and Yan, Qiqi},
  booktitle={International conference on machine learning},
  pages={3319--3328},
  year={2017},
  organization={PMLR}
}

@article{bert_attention,
  title={What does bert look at? an analysis of bert's attention},
  author={Clark, Kevin and Khandelwal, Urvashi and Levy, Omer and Manning, Christopher D},
  journal={arXiv preprint arXiv:1906.04341},
  year={2019}
}