@String(PAMI = {IEEE Trans. Pattern Anal. Mach. Intell.})
@String(IJCV = {Int. J. Comput. Vis.})
@String(CVPR= {IEEE Conf. Comput. Vis. Pattern Recog.})
@String(ICCV= {Int. Conf. Comput. Vis.})
@String(ECCV= {Eur. Conf. Comput. Vis.})
@String(NIPS= {Adv. Neural Inform. Process. Syst.})
@String(ICPR = {Int. Conf. Pattern Recog.})
@String(BMVC= {Brit. Mach. Vis. Conf.})
@String(TOG= {ACM Trans. Graph.})
@String(TIP  = {IEEE Trans. Image Process.})
@String(TVCG  = {IEEE Trans. Vis. Comput. Graph.})
@String(TMM  = {IEEE Trans. Multimedia})
@String(ACMMM= {ACM Int. Conf. Multimedia})
@String(ICME = {Int. Conf. Multimedia and Expo})
@String(ICASSP=	{ICASSP})
@String(ICIP = {IEEE Int. Conf. Image Process.})
@String(ACCV  = {ACCV})
@String(ICLR = {Int. Conf. Learn. Represent.})
@String(IJCAI = {IJCAI})
@String(PR   = {Pattern Recognition})
@String(AAAI = {AAAI})
@String(CVPRW= {IEEE Conf. Comput. Vis. Pattern Recog. Worksh.})
@String(CSVT = {IEEE Trans. Circuit Syst. Video Technol.})

@String(SPL	= {IEEE Sign. Process. Letters})
@String(VR   = {Vis. Res.})
@String(JOV	 = {J. Vis.})
@String(TVC  = {The Vis. Comput.})
@String(JCST  = {J. Comput. Sci. Tech.})
@String(CGF  = {Comput. Graph. Forum})
@String(CVM = {Computational Visual Media})


@String(PAMI  = {IEEE TPAMI})
@String(IJCV  = {IJCV})
@String(CVPR  = {CVPR})
@String(ICCV  = {ICCV})
@String(ECCV  = {ECCV})
@String(NIPS  = {NeurIPS})
@String(ICPR  = {ICPR})
@String(BMVC  =	{BMVC})
@String(TOG   = {ACM TOG})
@String(TIP   = {IEEE TIP})
@String(TVCG  = {IEEE TVCG})
@String(TCSVT = {IEEE TCSVT})
@String(TMM   =	{IEEE TMM})
@String(ACMMM = {ACM MM})
@String(ICME  =	{ICME})
@String(ICASSP=	{ICASSP})
@String(ICIP  = {ICIP})
@String(ACCV  = {ACCV})
@String(ICLR  = {ICLR})
@String(IJCAI = {IJCAI})
@String(PR = {PR})
@String(AAAI = {AAAI})
@String(CVPRW= {CVPRW})
@String(CSVT = {IEEE TCSVT})


@misc{Nist,
author = {P. Jonathan Philips and Catrina A. Hahn and Peter C. Fontana and David A. Broniatowski and Mark A. Przybocki},
title = {Four Principles of Explainable Artificial Intelligence},
note = {National Institute of Standards and Technology, U.S. Department of Commerce},
year = 2020
}

@inproceedings{BASEBALL,
author = {Green, Bert F. and Wolf, Alice K. and Chomsky, Carol and Laughery, Kenneth},
title = {Baseball: An Automatic Question-Answerer},
year = {1961},
isbn = {9781450378727},
publisher = {Association for Computing Machinery},
address = {New York, NY, USA},
url = {https://doi.org/10.1145/1460690.1460714},
doi = {10.1145/1460690.1460714},
abstract = {<u>Baseball</u> is a computer program that answers questions phrased in ordinary English about stored data. The program reads the question from punched cards. After the words and idioms are looked up in a dictionary, the phrase structure and other syntactic facts are determined for a content analysis, which lists attribute-value pairs specifying the information given and the information requested. The requested information is then extracted from the data matching the specifications, and any necessary processing is done. Finally, the answer is printed. The program's present context is baseball games; it answers such questions as "Where did each team play on July 7?"},
booktitle = {Papers Presented at the May 9-11, 1961, Western Joint IRE-AIEE-ACM Computer Conference},
pages = {219â€“224},
numpages = {6},
location = {Los Angeles, California},
series = {IRE-AIEE-ACM '61 (Western)}
}

@inbook{SHRDLU,
author = {Ward, Nigel},
year = {2006},
month = {01},
title = {SHRDLU},
isbn = {9780470018866},
doi = {10.1002/0470018860.s00056}
}



@article{bert_attention,
  title={What does bert look at? an analysis of bert's attention},
  author={Clark, Kevin and Khandelwal, Urvashi and Levy, Omer and Manning, Christopher D},
  journal={arXiv preprint arXiv:1906.04341},
  year={2019}
}

@article{squad,
       author = {{Rajpurkar}, Pranav and {Zhang}, Jian and {Lopyrev},
                 Konstantin and {Liang}, Percy},
        title = "{SQuAD: 100,000+ Questions for Machine Comprehension of Text}",
      journal = {arXiv e-prints},
         year = 2016,
          eid = {arXiv:1606.05250},
        pages = {arXiv:1606.05250},
archivePrefix = {arXiv},
       eprint = {1606.05250},
}

@article{AdamW,
        author = {Ilya Loshchilov, Frank Hutter},
        title = {Decoupled weight decay regularization},
        year = {2019},
        journal = {ICLR}
}

@article{bert_for_qa,
  author    = {Sahana Ramnath and
               Preksha Nema and
               Deep Sahni and
               Mitesh M. Khapra},
  title     = {Towards Interpreting {BERT} for Reading Comprehension Based {QA}},
  journal   = {CoRR},
  volume    = {abs/2010.08983},
  year      = {2020},
  url       = {https://arxiv.org/abs/2010.08983},
  eprinttype = {arXiv},
  eprint    = {2010.08983},
  timestamp = {Wed, 21 Oct 2020 12:11:48 +0200},
  biburl    = {https://dblp.org/rec/journals/corr/abs-2010-08983.bib},
  bibsource = {dblp computer science bibliography, https://dblp.org}
}

@article{bert_layers_qa,
  author    = {Betty van Aken and
               Benjamin Winter and
               Alexander L{\"{o}}ser and
               Felix A. Gers},
  title     = {How Does {BERT} Answer Questions? {A} Layer-Wise Analysis of Transformer
               Representations},
  journal   = {CoRR},
  volume    = {abs/1909.04925},
  year      = {2019},
  url       = {http://arxiv.org/abs/1909.04925},
  eprinttype = {arXiv},
  eprint    = {1909.04925},
  timestamp = {Tue, 17 Sep 2019 11:23:44 +0200},
  biburl    = {https://dblp.org/rec/journals/corr/abs-1909-04925.bib},
  bibsource = {dblp computer science bibliography, https://dblp.org}
}

@article{at_not_exp,
  title={Attention is not explanation},
  author={Jain, Sarthak and Wallace, Byron C},
  journal={arXiv preprint arXiv:1902.10186},
  year={2019}
}

